@article{Lenat83a,
  author    = {Douglas B. Lenat},
  title     = {{EURISKO:} {A} Program That Learns New Heuristics and Domain Concepts},
  journal   = {Artif. Intell.},
  year      = {1983},
  volume    = {21},
  number    = {1-2},
  pages     = {61--98},
  url       = {http://dx.doi.org/10.1016/S0004-3702(83)80005-8},
  doi       = {10.1016/S0004-3702(83)80005-8},
  timestamp = {Thu, 20 Nov 2014 18:12:15 +0100},
  biburl    = {http://dblp.uni-trier.de/rec/bib/journals/ai/Lenat83a},
  bibsource = {dblp computer science bibliography, http://dblp.org}
}

@article{Skinderowicz_2022,
	doi = {10.1016/j.asoc.2022.108653},
  
	url = {https://doi.org/10.1016%2Fj.asoc.2022.108653},
  
	year = 2022,
	month = {May},
  
	publisher = {Elsevier {BV}
},
  
	volume = {120},
  
	pages = {108653},
  
	author = {Rafa{\l} Skinderowicz},
  
	title = {Improving Ant Colony Optimization efficiency for solving large {TSP} instances},
  
	journal = {Applied Soft Computing}
}

@article{Sttzle2000MAXMINAS,
  title={MAX-MIN Ant System},
  author={Thomas St{\"u}tzle and Holger H. Hoos},
  journal={Future Gener. Comput. Syst.},
  year={2000},
  volume={16},
  pages={889-914}
}

@article{Li2015EfficiencyIO,
  title={Efficiency improvement of ant colony optimization in solving the moderate LTSP},
  author={Munan Li},
  journal={Journal of Systems Engineering and Electronics},
  year={2015},
  volume={26},
  pages={1300-1308}
}